@article{mahesh2020machine,
  title={Machine learning algorithms-a review},
  author={Mahesh, Batta},
  journal={International Journal of Science and Research (IJSR).[Internet]},
  volume={9},
  pages={381--386},
  year={2020}
}

@article{monard2003conceitos,
  title={Conceitos sobre aprendizado de m{\'a}quina},
  author={Monard, Maria Carolina and Baranauskas, Jos{\'e} Augusto},
  journal={Sistemas inteligentes-Fundamentos e aplica{\c{c}}{\~o}es},
  volume={1},
  number={1},
  pages={32},
  year={2003},
  publisher={Manole}
}

@inproceedings{de2020smart,
  title={SmarT: Uso de Aprendizado de M{\'a}quina para Filtragem e Recupera{\c{c}}{\~a}o Eficiente de Dados Espaciais e Temporais em Big Data.},
  author={de Oliveira, S{\'a}vio Salvarino Teles and Vagner, J and Martins, Wellington S and Palmeiras, Alameda and Quadra, D and Samambaia, C{\^a}mpus},
  booktitle={SBBD},
  pages={85--96},
  year={2020}
}
